<?xml version="1.0" encoding="utf-8"?>
<record xmlns="http://www.loc.gov/MARC21/slim" xmlns:xsi="http://www.w3.org/2001/XMLSchema-instance" xsi:schemaLocation="http://www.loc.gov/MARC21/slim http://www.loc.gov/standards/marcxml/schema/MARC21slim.xsd">
	<leader>     nam a22        4500</leader>
	<controlfield tag="001">1909429</controlfield>
	<controlfield tag="003">NIC</controlfield>
	<controlfield tag="006">m        d        </controlfield>
	<controlfield tag="007">cr cn |||m|||a</controlfield>
	<controlfield tag="008">150505q19011902ua      o     000 0 ara d</controlfield>
	<datafield ind1=" " ind2=" " tag="040">
		<subfield code="a">NNU</subfield>
		<subfield code="b">eng</subfield>
		<subfield code="e">rda</subfield>
		<subfield code="c">NNU</subfield>
	</datafield>
	<datafield ind1="1" ind2=" " tag="100">
		<subfield code="6">880-01</subfield>
		<subfield code="a">Ṣabbān, Muḥammad ibn ʻAlī,</subfield>
		<subfield code="d">-1791 or 1792.</subfield>
	</datafield>
	<datafield ind1="1" ind2="0" tag="245">
		<subfield code="6">880-02</subfield>
		<subfield code="a">Ḥāshiyat al-ʻallāmah al-Ṣabbān ʻalá sharḥ al-Ushmūnī ʻalá Alfīyat al-imām Ibn Mālik fī al-naḥw wa-alṣarf. Wa-bihāmishihi Sharḥ al-Ushmūnī maʻa baʻḍ taqrīrāt Aḥmad al-Rifāʻī.</subfield>
	</datafield>
	<datafield ind1=" " ind2=" " tag="260">
		<subfield code="6">880-03</subfield>
		<subfield code="a">[Place of publication not identified] :</subfield>
		<subfield code="b">[publisher not identified]</subfield>
		<subfield code="c">[1901 or 2]</subfield>
		<subfield code="e">([Cairo :</subfield>
		<subfield code="f">al-Maṭbaʻah al-Sharafīyah])</subfield>
	</datafield>
	<datafield ind1=" " ind2=" " tag="300">
		<subfield code="a">online resource (4 volumes)</subfield>
	</datafield>
	<datafield ind1=" " ind2=" " tag="336">
		<subfield code="a">text</subfield>
		<subfield code="2">rdacontent</subfield>
	</datafield>
	<datafield ind1=" " ind2=" " tag="337">
		<subfield code="a">computer</subfield>
		<subfield code="2">rdamedia</subfield>
	</datafield>
	<datafield ind1=" " ind2=" " tag="338">
		<subfield code="a">online resource</subfield>
		<subfield code="2">rdacarrier</subfield>
	</datafield>
	<datafield ind1=" " ind2=" " tag="500">
		<subfield code="a">Part of the Arabic Collections Online (ACO) project, contributed by Cornell University Libraries.</subfield>
	</datafield>
	<datafield ind1=" " ind2=" " tag="533">
		<subfield code="a">Electronic reproduction.</subfield>
		<subfield code="b">New York, N.Y. :</subfield>
		<subfield code="c">New York University,</subfield>
		<subfield code="d">2015.</subfield>
		<subfield code="5">NNU</subfield>
	</datafield>
	<datafield ind1="1" ind2="0" tag="600">
		<subfield code="6">880-04</subfield>
		<subfield code="a">Ibn Mālik, Muḥammad ibn ʻAbd Allāh,</subfield>
		<subfield code="d">-1274.</subfield>
		<subfield code="t">Alfīyah.</subfield>
	</datafield>
	<datafield ind1=" " ind2="0" tag="650">
		<subfield code="a">Arabic language</subfield>
		<subfield code="x">Grammar.</subfield>
	</datafield>
	<datafield ind1="0" ind2="7" tag="630">
		<subfield code="a">Alfīyah (Ibn Mālik, Muḥammad ibn ʻAbd Allāh)</subfield>
		<subfield code="2">fast</subfield>
		<subfield code="0">(OCoLC)fst01360506</subfield>
	</datafield>
	<datafield ind1=" " ind2="7" tag="650">
		<subfield code="a">Arabic language</subfield>
		<subfield code="x">Grammar.</subfield>
		<subfield code="2">fast</subfield>
		<subfield code="0">(OCoLC)fst00812341</subfield>
	</datafield>
	<datafield ind1="1" ind2=" " tag="700">
		<subfield code="6">880-05</subfield>
		<subfield code="a">Rifāʻī, Aḥmad.</subfield>
	</datafield>
	<datafield ind1="1" ind2=" " tag="700">
		<subfield code="6">880-06</subfield>
		<subfield code="a">Ushmūnī, ʻAlī ibn Muḥammad,</subfield>
		<subfield code="d">1435-1494 or 1495.</subfield>
		<subfield code="t">Manhaj al-sālik ilá Alfīyat Ibn Mālik.</subfield>
	</datafield>
	<datafield ind1="2" ind2=" " tag="710">
		<subfield code="a">Cornell University.</subfield>
		<subfield code="b">Libraries.</subfield>
	</datafield>
	<datafield ind1="0" ind2=" " tag="730">
		<subfield code="a">Arabic Collections Online.</subfield>
	</datafield>
	<datafield ind1="0" ind2="8" tag="776">
		<subfield code="i">Online version:</subfield>
		<subfield code="a">Ṣabbān, Muḥammad ibn ʻAlī, -1791 or 2.</subfield>
		<subfield code="t">Ḥāshiyat al-ʻallāmah al-Ṣabbān ʻalá sharḥ al-Ushmūnī ʻalá Alfīyat al-imām Ibn Mālik fī al-naḥw wa-alṣarf. Wa-bihāmishihi Sharḥ al-al-Ushmūnī maʻa baʻḍ taqrīrāt Aḥmad al-Rifāʻī.</subfield>
		<subfield code="d">[S.l. : s.n. ; 1901 or 2] ([Cairo : al-Maṭbaʻah al-Sharafīyah])</subfield>
		<subfield code="w">(OCoLC)811869631</subfield>
	</datafield>
	<datafield ind1="0" ind2="8" tag="776">
		<subfield code="i">Print version:</subfield>
		<subfield code="a">Ṣabbān, Muḥammad ibn ʻAlī, -1791 or 1792.</subfield>
		<subfield code="t">Ḥāshiyat al-ʻallāmah al-Ṣabbān ʻalá sharḥ al-Ushmūnī ʻalá Alfīyat al-imām Ibn Mālik fī al-naḥw wa-alṣarf. Wa-bihāmishihi Sharḥ al-Ushmūnī maʻa baʻḍ taqrīrāt Aḥmad al-Rifāʻī</subfield>
		<subfield code="w">(NIC)1909429</subfield>
		<subfield code="w">(OCoLC)64680439</subfield>
	</datafield>
	<datafield ind1="4" ind2="0" tag="856">
		<subfield code="u">http://hdl.handle.net/2333.1/w0vt4dk2</subfield>
	</datafield>
	<datafield ind1="1" ind2=" " tag="880">
		<subfield code="6">100-01/r</subfield>
		<subfield code="a">صبان، محمد بن علي،</subfield>
		<subfield code="d">-1791 or 1792.</subfield>
	</datafield>
	<datafield ind1="1" ind2="0" tag="880">
		<subfield code="6">245-02/r</subfield>
		<subfield code="a">حاشية العلامة الصبان على شرح الاشموني على ألفية الإمام إبن مالك في النحو والصرف. وبهامشه شرح الاشموني مع بعض تقريرات أحمد الرفاعي.</subfield>
	</datafield>
	<datafield ind1=" " ind2=" " tag="880">
		<subfield code="6">260-03/r</subfield>
		<subfield code="a">[Place of publication not identified] :</subfield>
		<subfield code="b">[publisher not identified]</subfield>
		<subfield code="c">[1901 or 2]</subfield>
		<subfield code="e">([Cairo : </subfield>
		<subfield code="f">المطبعة الشرفية])</subfield>
	</datafield>
	<datafield ind1="1" ind2="4" tag="880">
		<subfield code="6">600-04/r</subfield>
		<subfield code="a">إبن مالك، محمد بن عبد الله،</subfield>
		<subfield code="d">1274.</subfield>
		<subfield code="t">ألفية.</subfield>
	</datafield>
	<datafield ind1="1" ind2=" " tag="880">
		<subfield code="6">700-05/r</subfield>
		<subfield code="a">رفاعي، احمد.</subfield>
	</datafield>
	<datafield ind1="1" ind2=" " tag="880">
		<subfield code="6">700-06/r</subfield>
		<subfield code="a">اشموني، علي بن محمد،</subfield>
		<subfield code="d">1435-1494 or 1495.</subfield>
		<subfield code="t">منهج السال إلى ألفية إبن مالك.</subfield>
	</datafield>
	<datafield ind1=" " ind2=" " tag="959">
		<subfield code="a">NNU</subfield>
		<subfield code="b">WEB</subfield>
		<subfield code="c">GENI</subfield>
		<subfield code="t">0</subfield>
		<subfield code="m">Electronic access</subfield>
		<subfield code="s">01</subfield>
	</datafield>
	<datafield ind1=" " ind2=" " tag="999">
		<subfield code="i">NIC_1909429</subfield>
		<subfield code="o">(OCoLC)ocm64680439 </subfield>
		<subfield code="s">cornell_aco000062:juz1</subfield>
		<subfield code="s">cornell_aco000059:juz2</subfield>
		<subfield code="s">cornell_aco000061:juz3</subfield>
		<subfield code="s">cornell_aco000060:juz4</subfield>
	</datafield>
</record>
